@online{GFPortal,
    title        = {Официальный портал компании},
    organization = {Game Forest},
    url          = {https://game-forest.com/},
    language     = {russian},
}
@online{GummyDropPage,
    title = {Страница игры Gummy Drop на сайте издателя},
    organization = {Big Fish Games},
    url = {https://www.bigfishgames.com/us/en/game/gummy-drop.html},
    language = {russian},
}
@online{CitrusRepo,
    title        = {Публичный репозиторий игрового движка Citrus},
    organization = {Game Forest},
    url          = {https://github.com/mrojkov/Citrus},
    urldate      = {17.06.2019},
    language     = {russian},
}
@online{BethesdaEngine,
    author = {Quintin Smith},
    title = {Skyrim's Creation Engine Detailed},
    url = {https://www.rockpapershotgun.com/2011/01/18/skyrims-creation-engine-detailed/},
    urldate = {17.06.2019},
    language = {russian},
}
@online{idSoftwareEngine,
    author = {Sam Machkovech},
    title = {Doom Eternal ushers in idTech 7, bloody new powers},
    url = {https://arstechnica.com/gaming/2018/08/doom-eternal-reveals-new-powers-puts-hell-back-on-earth/},
    urldate = {17.06.2019},
    language = {russian},
}
@book{CraftOfTextEditing,
    author = {Craig A. Finseth},
    title = {The Craft Of Text Editing},
    isbn = {978-1-4116-8297-9},
    year = {1991},
}
@online{TextEditorDataStructures,
    author = {Avery Lairds},
    title = {Перевод статьи "Text Editor: Data Structures"},
    url = {https://howtorecover.me/text-editor-ru},
    urldate = {17.06.19},
    language = {russian},
}
@online{TextEditorsHabr,
    author = {Пользователь ValeriaKhokha},
    organization = {JUG.ru Group},
    title = {Текстовый редактор - это вам не высшая математика, тут думать надо},
    url = {https://habr.com/ru/company/jugru/blog/424763/},
    urldate = {17.06.19},
    language = {russian},
}
@online{EmacsGapBuffer,
    author = {neg-serg},
    title = {Gap buffer и редактирование текста},
    url = {http://neg-serg.github.io/2016/05/gap-buffer/},
    urldate = {17.06.19},
    language = {russian},
}